<?xml version="1.0" encoding="UTF-8"?><srw:searchRetrieveResponse xmlns:srw="http://www.loc.gov/zing/srw/" xmlns="http://catalogue.bnf.fr/namespaces/InterXMarc" xmlns:ixm="http://catalogue.bnf.fr/namespaces/InterXMarc" xmlns:mn="http://catalogue.bnf.fr/namespaces/motsnotices" xmlns:sd="http://www.loc.gov/zing/srw/diagnostic/">
<srw:version>1.2</srw:version>
<srw:echoedSearchRetrieveRequest>
<srw:version>1.2</srw:version>
<srw:query>bib.recordtype any "per"</srw:query>
</srw:echoedSearchRetrieveRequest>
<srw:numberOfRecords>552972</srw:numberOfRecords>
<srw:records>
<srw:record>
<srw:recordSchema>marcxchange</srw:recordSchema>
<srw:recordPacking>xml</srw:recordPacking>
<srw:recordData>
<mxc:record xmlns:mxc="info:lc/xmlns/marcxchange-v2" format="INTERMARC" id="ark:/12148/cb41322132x" type="Bibliographic">   <mxc:leader>00315c01s 2200027  145a </mxc:leader>   <mxc:controlfield tag="001">FRBNF41322132000000X</mxc:controlfield>   <mxc:controlfield tag="003">http://catalogue.bnf.fr/ark:/12148/cb41322132x</mxc:controlfield>   <mxc:controlfield tag="008">080827c 1998                 frfre p?xxb      </mxc:controlfield>   <mxc:controlfield tag="009">a                  </mxc:controlfield>   <mxc:datafield tag="051" ind1=" " ind2=" ">      <mxc:subfield code="a">txt</mxc:subfield>      <mxc:subfield code="b">n</mxc:subfield>   </mxc:datafield>   <mxc:datafield tag="245" ind1="1" ind2=" ">      <mxc:subfield code="a">La Revanche</mxc:subfield>      <mxc:subfield code="d">Texte imprimé</mxc:subfield>   </mxc:datafield>   <mxc:datafield tag="260" ind1=" " ind2=" ">      <mxc:subfield code="a">Paris</mxc:subfield>      <mxc:subfield code="c">[s.n.?]</mxc:subfield>      <mxc:subfield code="d">1998-</mxc:subfield>   </mxc:datafield>   <mxc:datafield tag="280" ind1=" " ind2=" ">      <mxc:subfield code="d">gr. fol.</mxc:subfield>   </mxc:datafield>   <mxc:datafield tag="768" ind1="4" ind2=" ">      <mxc:subfield code="3">41321539</mxc:subfield>      <mxc:subfield code="t">Notice nécrologique sur Maria-Philippe Coupelin, peintre...</mxc:subfield>   </mxc:datafield>
</mxc:record>      </srw:recordData>
<srw:recordIdentifier>ark:/12148/cb41322132x</srw:recordIdentifier>
<srw:recordPosition>1</srw:recordPosition>
<srw:extraRecordData>
<ixm:attr name="CreationDate">20080827</ixm:attr>
<ixm:attr name="LastModificationDate">20080827</ixm:attr>
<mn:score>1.9063045</mn:score>
</srw:extraRecordData>
</srw:record>