
<srw:record>
<srw:recordSchema>marcxchange</srw:recordSchema>
<srw:recordPacking>xml</srw:recordPacking>
<srw:recordData>
<mxc:record xmlns:mxc="info:lc/xmlns/marcxchange-v2" format="INTERMARC" id="ark:/12148/cb42734220q" type="Bibliographic">   <mxc:leader>00283c01s 22000271 145a </mxc:leader>   <mxc:controlfield tag="001">FRBNF42734220000000X</mxc:controlfield>   <mxc:controlfield tag="003">http://catalogue.bnf.fr/ark:/12148/cb42734220q</mxc:controlfield>   <mxc:controlfield tag="008">120824c 1947                 nzeng pzxxb      </mxc:controlfield>   <mxc:controlfield tag="009">a                  </mxc:controlfield>   <mxc:datafield tag="051" ind1=" " ind2=" ">      <mxc:subfield code="a">txt</mxc:subfield>      <mxc:subfield code="b">n</mxc:subfield>   </mxc:datafield>   <mxc:datafield tag="222" ind1="0" ind2="0">      <mxc:subfield code="a">Landfall</mxc:subfield>   </mxc:datafield>   <mxc:datafield tag="245" ind1="1" ind2=" ">      <mxc:subfield code="a">Landfall</mxc:subfield>      <mxc:subfield code="d">Texte imprimé</mxc:subfield>   </mxc:datafield>   <mxc:datafield tag="260" ind1=" " ind2=" ">      <mxc:subfield code="a">[Dunedin, New Zealand]</mxc:subfield>      <mxc:subfield code="c">Otago university press</mxc:subfield>      <mxc:subfield code="d">1947-</mxc:subfield>   </mxc:datafield>   <mxc:datafield tag="280" ind1=" " ind2=" ">      <mxc:subfield code="a">n°</mxc:subfield>      <mxc:subfield code="d">22 cm</mxc:subfield>   </mxc:datafield>   <mxc:datafield tag="326" ind1="1" ind2=" ">      <mxc:subfield code="a">Trimestriel</mxc:subfield>   </mxc:datafield>
</mxc:record>      </srw:recordData>
<srw:recordIdentifier>ark:/12148/cb42734220q</srw:recordIdentifier>
<srw:recordPosition>2</srw:recordPosition>
<srw:extraRecordData>
<ixm:attr name="CreationDate">20120824</ixm:attr>
<ixm:attr name="LastModificationDate">20120926</ixm:attr>
<mn:score>1.9061558</mn:score>
</srw:extraRecordData>
</srw:record>