
<srw:record>
<srw:recordSchema>marcxchange</srw:recordSchema>
<srw:recordPacking>xml</srw:recordPacking>
<srw:recordData>
<mxc:record xmlns:mxc="info:lc/xmlns/marcxchange-v2" format="INTERMARC" id="ark:/12148/cb42178200v" type="Bibliographic">   <mxc:leader>00415c01s 22000271 145a </mxc:leader>   <mxc:controlfield tag="001">FRBNF421782000000003</mxc:controlfield>   <mxc:controlfield tag="003">http://catalogue.bnf.fr/ark:/12148/cb42178200v</mxc:controlfield>   <mxc:controlfield tag="008">100413c 1958                 useng p?xxb      </mxc:controlfield>   <mxc:controlfield tag="009">a                  </mxc:controlfield>   <mxc:datafield tag="051" ind1=" " ind2=" ">      <mxc:subfield code="a">txt</mxc:subfield>      <mxc:subfield code="b">n</mxc:subfield>   </mxc:datafield>   <mxc:datafield tag="222" ind1="0" ind2="0">      <mxc:subfield code="a">December magazine</mxc:subfield>   </mxc:datafield>   <mxc:datafield tag="245" ind1="1" ind2=" ">      <mxc:subfield code="a">December magazine</mxc:subfield>      <mxc:subfield code="d">Texte imprimé</mxc:subfield>   </mxc:datafield>   <mxc:datafield tag="255" ind1="2" ind2=" ">      <mxc:subfield code="a">Vol. 1, n°1</mxc:subfield>   </mxc:datafield>   <mxc:datafield tag="260" ind1=" " ind2=" ">      <mxc:subfield code="a">Highland Park</mxc:subfield>      <mxc:subfield code="c">Chicago press</mxc:subfield>      <mxc:subfield code="d">1958-</mxc:subfield>   </mxc:datafield>   <mxc:datafield tag="280" ind1=" " ind2=" ">      <mxc:subfield code="a">n°1</mxc:subfield>      <mxc:subfield code="d">23 cm</mxc:subfield>   </mxc:datafield>   <mxc:datafield tag="768" ind1="1" ind2=" ">      <mxc:subfield code="3">42178137</mxc:subfield>      <mxc:subfield code="t">Essays from the "Friday literary review", 1909-1913</mxc:subfield>      <mxc:subfield code="y">0-913204-32-3</mxc:subfield>   </mxc:datafield>   <mxc:datafield tag="768" ind1="1" ind2=" ">      <mxc:subfield code="3">42178204</mxc:subfield>      <mxc:subfield code="t">"Expresslanes"</mxc:subfield>      <mxc:subfield code="y">0-913204-26-9</mxc:subfield>   </mxc:datafield>
</mxc:record>      </srw:recordData>
<srw:recordIdentifier>ark:/12148/cb42178200v</srw:recordIdentifier>
<srw:recordPosition>4</srw:recordPosition>
<srw:extraRecordData>
<ixm:attr name="CreationDate">20100413</ixm:attr>
<ixm:attr name="LastModificationDate">20100413</ixm:attr>
<mn:score>1.9061558</mn:score>
</srw:extraRecordData>
</srw:record>