
<srw:record>
<srw:recordSchema>marcxchange</srw:recordSchema>
<srw:recordPacking>xml</srw:recordPacking>
<srw:recordData>
<mxc:record xmlns:mxc="info:lc/xmlns/marcxchange-v2" format="INTERMARC" id="ark:/12148/cb37583794p" type="Bibliographic">   <mxc:leader>00332n01s 2200027 i245a </mxc:leader>   <mxc:controlfield tag="001">FRBNF375837940000007</mxc:controlfield>   <mxc:controlfield tag="003">http://catalogue.bnf.fr/ark:/12148/cb37583794p</mxc:controlfield>   <mxc:controlfield tag="008">821218n                      fr    p  7b     1</mxc:controlfield>   <mxc:controlfield tag="009">ax x          xx   </mxc:controlfield>   <mxc:datafield tag="022" ind1="1" ind2=" ">      <mxc:subfield code="a">0706-6120</mxc:subfield>      <mxc:subfield code="c">0706-6120</mxc:subfield>   </mxc:datafield>   <mxc:datafield tag="051" ind1=" " ind2=" ">      <mxc:subfield code="a">txt</mxc:subfield>      <mxc:subfield code="b">n</mxc:subfield>   </mxc:datafield>   <mxc:datafield tag="222" ind1="0" ind2=" ">      <mxc:subfield code="a">Annual report - Brooke Bond Foods Limited</mxc:subfield>   </mxc:datafield>   <mxc:datafield tag="245" ind1="0" ind2=" ">      <mxc:subfield code="a">[Annual report]</mxc:subfield>      <mxc:subfield code="d">Texte imprimé</mxc:subfield>      <mxc:subfield code="f">[Brooke Bond Foods Limited]</mxc:subfield>   </mxc:datafield>   <mxc:datafield tag="917" ind1=" " ind2=" ">      <mxc:subfield code="o">OPL</mxc:subfield>      <mxc:subfield code="a">004847313</mxc:subfield>   </mxc:datafield>   <mxc:datafield tag="919" ind1=" " ind2=" ">      <mxc:subfield code="p">FR</mxc:subfield>      <mxc:subfield code="o">CNEPS</mxc:subfield>      <mxc:subfield code="a">07066120</mxc:subfield>   </mxc:datafield>
</mxc:record>      </srw:recordData>
<srw:recordIdentifier>ark:/12148/cb37583794p</srw:recordIdentifier>
<srw:recordPosition>6</srw:recordPosition>
<srw:extraRecordData>
<ixm:attr name="CreationDate">19871004</ixm:attr>
<ixm:attr name="LastModificationDate">20130628</ixm:attr>
<mn:score>1.9061558</mn:score>
</srw:extraRecordData>
</srw:record>