
<srw:record>
<srw:recordSchema>marcxchange</srw:recordSchema>
<srw:recordPacking>xml</srw:recordPacking>
<srw:recordData>
<mxc:record xmlns:mxc="info:lc/xmlns/marcxchange-v2" format="INTERMARC" id="ark:/12148/cb47216665p" type="Bibliographic">   <mxc:leader>00295c01s 2200027  145a </mxc:leader>   <mxc:controlfield tag="001">FRBNF472166650000000</mxc:controlfield>   <mxc:controlfield tag="003">http://catalogue.bnf.fr/ark:/12148/cb47216665p</mxc:controlfield>   <mxc:controlfield tag="008">230328c 1983                 befre pmxxb      </mxc:controlfield>   <mxc:controlfield tag="009">aa d          xx   </mxc:controlfield>   <mxc:datafield tag="051" ind1=" " ind2=" ">      <mxc:subfield code="a">txt</mxc:subfield>      <mxc:subfield code="b">n</mxc:subfield>   </mxc:datafield>   <mxc:datafield tag="222" ind1="0" ind2="0">      <mxc:subfield code="a">Belgia 2000</mxc:subfield>   </mxc:datafield>   <mxc:datafield tag="245" ind1="1" ind2=" ">      <mxc:subfield code="a">Belgia 2000</mxc:subfield>      <mxc:subfield code="d">Texte imprimé</mxc:subfield>   </mxc:datafield>   <mxc:datafield tag="260" ind1=" " ind2="1">      <mxc:subfield code="a">Grimbergen</mxc:subfield>      <mxc:subfield code="c">Byblos</mxc:subfield>      <mxc:subfield code="d">1983-</mxc:subfield>   </mxc:datafield>   <mxc:datafield tag="280" ind1=" " ind2=" ">      <mxc:subfield code="d">24 cm</mxc:subfield>   </mxc:datafield>   <mxc:datafield tag="300" ind1=" " ind2=" ">      <mxc:subfield code="a">Notice rédigée d'après  : 6 (1984)</mxc:subfield>   </mxc:datafield>   <mxc:datafield tag="326" ind1="1" ind2=" ">      <mxc:subfield code="a">Mensuel</mxc:subfield>   </mxc:datafield>
</mxc:record>      </srw:recordData>
<srw:recordIdentifier>ark:/12148/cb47216665p</srw:recordIdentifier>
<srw:recordPosition>8</srw:recordPosition>
<srw:extraRecordData>
<ixm:attr name="CreationDate">20230328</ixm:attr>
<ixm:attr name="LastModificationDate">20230329</ixm:attr>
<mn:score>1.9061558</mn:score>
</srw:extraRecordData>
</srw:record>