
<srw:record>
<srw:recordSchema>marcxchange</srw:recordSchema>
<srw:recordPacking>xml</srw:recordPacking>
<srw:recordData>
<mxc:record xmlns:mxc="info:lc/xmlns/marcxchange-v2" format="INTERMARC" id="ark:/12148/cb425104587" type="Bibliographic">   <mxc:leader>00367c01s 22000271i245a </mxc:leader>   <mxc:controlfield tag="001">FRBNF425104580000007</mxc:controlfield>   <mxc:controlfield tag="003">http://catalogue.bnf.fr/ark:/12148/cb425104587</mxc:controlfield>   <mxc:controlfield tag="008">110922c                      nleng pm jb      </mxc:controlfield>   <mxc:controlfield tag="009">a                  </mxc:controlfield>   <mxc:datafield tag="022" ind1="2" ind2=" ">      <mxc:subfield code="a">1873-3085</mxc:subfield>      <mxc:subfield code="c">1293-2558</mxc:subfield>   </mxc:datafield>   <mxc:datafield tag="051" ind1=" " ind2=" ">      <mxc:subfield code="a">txt</mxc:subfield>      <mxc:subfield code="b">n</mxc:subfield>   </mxc:datafield>   <mxc:datafield tag="222" ind1="0" ind2=" ">      <mxc:subfield code="a">Solid stat sciences</mxc:subfield>   </mxc:datafield>   <mxc:datafield tag="245" ind1="1" ind2=" ">      <mxc:subfield code="a">Solid state sciences (Online)</mxc:subfield>      <mxc:subfield code="d">Texte imprimé</mxc:subfield>   </mxc:datafield>   <mxc:datafield tag="260" ind1=" " ind2=" ">      <mxc:subfield code="c">Elsevier</mxc:subfield>   </mxc:datafield>   <mxc:datafield tag="321" ind1=" " ind2=" ">      <mxc:subfield code="t">Mir@bel</mxc:subfield>      <mxc:subfield code="x">2678-0038</mxc:subfield>      <mxc:subfield code="u">https://reseau-mirabel.info</mxc:subfield>      <mxc:subfield code="v">https://reseau-mirabel.info/revue/issn/1873-3085</mxc:subfield>   </mxc:datafield>
</mxc:record>      </srw:recordData>
<srw:recordIdentifier>ark:/12148/cb425104587</srw:recordIdentifier>
<srw:recordPosition>9</srw:recordPosition>
<srw:extraRecordData>
<ixm:attr name="CreationDate">20110922</ixm:attr>
<ixm:attr name="LastModificationDate">20240715</ixm:attr>
<mn:score>1.9061558</mn:score>
</srw:extraRecordData>
</srw:record>