
<srw:record>
<srw:recordSchema>marcxchange</srw:recordSchema>
<srw:recordPacking>xml</srw:recordPacking>
<srw:recordData>
<mxc:record xmlns:mxc="info:lc/xmlns/marcxchange-v2" format="INTERMARC" id="ark:/12148/cb40188761c" type="Bibliographic">   <mxc:leader>00311n01s 2200027  345a </mxc:leader>   <mxc:controlfield tag="001">FRBNF401887610000006</mxc:controlfield>   <mxc:controlfield tag="003">http://catalogue.bnf.fr/ark:/12148/cb40188761c</mxc:controlfield>   <mxc:controlfield tag="008">060628c 199?                 brpor p? kb      </mxc:controlfield>   <mxc:controlfield tag="009">a                  </mxc:controlfield>   <mxc:datafield tag="022" ind1="2" ind2=" ">      <mxc:subfield code="a">0101-3262</mxc:subfield>      <mxc:subfield code="c">0101-3262</mxc:subfield>   </mxc:datafield>   <mxc:datafield tag="051" ind1=" " ind2=" ">      <mxc:subfield code="a">txt</mxc:subfield>      <mxc:subfield code="b">n</mxc:subfield>   </mxc:datafield>   <mxc:datafield tag="210" ind1=" " ind2=" ">      <mxc:subfield code="a">Cad. CEDES</mxc:subfield>   </mxc:datafield>   <mxc:datafield tag="222" ind1="0" ind2=" ">      <mxc:subfield code="a">Cadernos CEDES</mxc:subfield>   </mxc:datafield>   <mxc:datafield tag="245" ind1="1" ind2=" ">      <mxc:subfield code="a">Cadernos CEDES</mxc:subfield>      <mxc:subfield code="d">Texte imprimé</mxc:subfield>   </mxc:datafield>   <mxc:datafield tag="260" ind1=" " ind2=" ">      <mxc:subfield code="a">Campinas</mxc:subfield>      <mxc:subfield code="c">CEDES</mxc:subfield>      <mxc:subfield code="d">-</mxc:subfield>   </mxc:datafield>   <mxc:datafield tag="280" ind1=" " ind2=" ">      <mxc:subfield code="d">30 cm</mxc:subfield>   </mxc:datafield>
</mxc:record>      </srw:recordData>
<srw:recordIdentifier>ark:/12148/cb40188761c</srw:recordIdentifier>
<srw:recordPosition>11</srw:recordPosition>
<srw:extraRecordData>
<ixm:attr name="CreationDate">20060628</ixm:attr>
<ixm:attr name="LastModificationDate">20130327</ixm:attr>
<mn:score>1.9060099</mn:score>
</srw:extraRecordData>
</srw:record>