
<srw:record>
<srw:recordSchema>marcxchange</srw:recordSchema>
<srw:recordPacking>xml</srw:recordPacking>
<srw:recordData>
<mxc:record xmlns:mxc="info:lc/xmlns/marcxchange-v2" format="INTERMARC" id="ark:/12148/cb44236891s" type="Bibliographic">   <mxc:leader>00315c01s 22000271 145a </mxc:leader>   <mxc:controlfield tag="001">FRBNF442368910000003</mxc:controlfield>   <mxc:controlfield tag="003">http://catalogue.bnf.fr/ark:/12148/cb44236891s</mxc:controlfield>   <mxc:controlfield tag="008">141205d 1946 1947            deger pmxxb      </mxc:controlfield>   <mxc:controlfield tag="009">a                  </mxc:controlfield>   <mxc:datafield tag="051" ind1=" " ind2=" ">      <mxc:subfield code="a">txt</mxc:subfield>      <mxc:subfield code="b">n</mxc:subfield>   </mxc:datafield>   <mxc:datafield tag="222" ind1="1" ind2="0">      <mxc:subfield code="a">Die Fähre</mxc:subfield>      <mxc:subfield code="b">München</mxc:subfield>   </mxc:datafield>   <mxc:datafield tag="245" ind1="1" ind2=" ">      <mxc:subfield code="a">Die Fähre</mxc:subfield>      <mxc:subfield code="d">Texte imprimé</mxc:subfield>   </mxc:datafield>   <mxc:datafield tag="255" ind1="2" ind2=" ">      <mxc:subfield code="a">1. Jahrgang (1946)-2. Jahrgang (1947)</mxc:subfield>   </mxc:datafield>   <mxc:datafield tag="260" ind1=" " ind2=" ">      <mxc:subfield code="a">München</mxc:subfield>      <mxc:subfield code="c">W. Weismann</mxc:subfield>      <mxc:subfield code="d">1946-1947</mxc:subfield>   </mxc:datafield>   <mxc:datafield tag="280" ind1=" " ind2=" ">      <mxc:subfield code="a">n°</mxc:subfield>      <mxc:subfield code="d">23 cm</mxc:subfield>   </mxc:datafield>   <mxc:datafield tag="326" ind1="1" ind2=" ">      <mxc:subfield code="a">Mensuel</mxc:subfield>   </mxc:datafield>
</mxc:record>      </srw:recordData>
<srw:recordIdentifier>ark:/12148/cb44236891s</srw:recordIdentifier>
<srw:recordPosition>14</srw:recordPosition>
<srw:extraRecordData>
<ixm:attr name="CreationDate">20141205</ixm:attr>
<ixm:attr name="LastModificationDate">20141208</ixm:attr>
<mn:score>1.9060099</mn:score>
</srw:extraRecordData>
</srw:record>