
<srw:record>
<srw:recordSchema>marcxchange</srw:recordSchema>
<srw:recordPacking>xml</srw:recordPacking>
<srw:recordData>
<mxc:record xmlns:mxc="info:lc/xmlns/marcxchange-v2" format="INTERMARC" id="ark:/12148/cb437293920" type="Bibliographic">   <mxc:leader>00321c01s 22000271 145a </mxc:leader>   <mxc:controlfield tag="001">FRBNF437293920000005</mxc:controlfield>   <mxc:controlfield tag="003">http://catalogue.bnf.fr/ark:/12148/cb437293920</mxc:controlfield>   <mxc:controlfield tag="008">131213n 18..                 ooger p?xxb      </mxc:controlfield>   <mxc:controlfield tag="009">a                  </mxc:controlfield>   <mxc:datafield tag="040" ind1=" " ind2=" ">      <mxc:subfield code="b">xdhh</mxc:subfield>   </mxc:datafield>   <mxc:datafield tag="051" ind1=" " ind2=" ">      <mxc:subfield code="a">txt</mxc:subfield>      <mxc:subfield code="b">n</mxc:subfield>   </mxc:datafield>   <mxc:datafield tag="222" ind1="1" ind2="0">      <mxc:subfield code="a">Deutschen Wochenschach</mxc:subfield>   </mxc:datafield>   <mxc:datafield tag="245" ind1="1" ind2=" ">      <mxc:subfield code="a">Deutschen Wochenschach</mxc:subfield>      <mxc:subfield code="d">Texte imprimé</mxc:subfield>   </mxc:datafield>   <mxc:datafield tag="260" ind1=" " ind2=" ">      <mxc:subfield code="a">[S.n.]</mxc:subfield>      <mxc:subfield code="c">[S.l.]</mxc:subfield>      <mxc:subfield code="d">[18..]-</mxc:subfield>   </mxc:datafield>   <mxc:datafield tag="280" ind1=" " ind2=" ">      <mxc:subfield code="d">24 cm</mxc:subfield>   </mxc:datafield>   <mxc:datafield tag="768" ind1="2" ind2=" ">      <mxc:subfield code="3">43729418</mxc:subfield>      <mxc:subfield code="t">Über das Wesen des Schachproblems</mxc:subfield>   </mxc:datafield>
</mxc:record>      </srw:recordData>
<srw:recordIdentifier>ark:/12148/cb437293920</srw:recordIdentifier>
<srw:recordPosition>17</srw:recordPosition>
<srw:extraRecordData>
<ixm:attr name="CreationDate">20131213</ixm:attr>
<ixm:attr name="LastModificationDate">20251024</ixm:attr>
<mn:score>1.9060099</mn:score>
</srw:extraRecordData>
</srw:record>