
<srw:record>
<srw:recordSchema>marcxchange</srw:recordSchema>
<srw:recordPacking>xml</srw:recordPacking>
<srw:recordData>
<mxc:record xmlns:mxc="info:lc/xmlns/marcxchange-v2" format="INTERMARC" id="ark:/12148/cb457622626" type="Bibliographic">   <mxc:leader>00400c01s 22000271 345a </mxc:leader>   <mxc:controlfield tag="001">FRBNF457622620000007</mxc:controlfield>   <mxc:controlfield tag="003">http://catalogue.bnf.fr/ark:/12148/cb457622626</mxc:controlfield>   <mxc:controlfield tag="008">190704d 1942                 useng p? 1b      </mxc:controlfield>   <mxc:controlfield tag="009">a                  </mxc:controlfield>   <mxc:datafield tag="022" ind1="2" ind2=" ">      <mxc:subfield code="a">0270-2193</mxc:subfield>   </mxc:datafield>   <mxc:datafield tag="051" ind1=" " ind2=" ">      <mxc:subfield code="a">txt</mxc:subfield>      <mxc:subfield code="b">n</mxc:subfield>   </mxc:datafield>   <mxc:datafield tag="222" ind1="1" ind2=" ">      <mxc:subfield code="a">Dance magazine</mxc:subfield>      <mxc:subfield code="b">New-York.1942</mxc:subfield>   </mxc:datafield>   <mxc:datafield tag="245" ind1="1" ind2=" ">      <mxc:subfield code="a">Dance magazine</mxc:subfield>      <mxc:subfield code="d">Texte imprimé</mxc:subfield>   </mxc:datafield>   <mxc:datafield tag="260" ind1=" " ind2="1">      <mxc:subfield code="a">New-York</mxc:subfield>      <mxc:subfield code="c">Rudor Publishing</mxc:subfield>      <mxc:subfield code="d">1942</mxc:subfield>   </mxc:datafield>   <mxc:datafield tag="780" ind1=" " ind2="0">      <mxc:subfield code="3">39137906</mxc:subfield>      <mxc:subfield code="t">The American dancer</mxc:subfield>   </mxc:datafield>   <mxc:datafield tag="785" ind1=" " ind2="0">      <mxc:subfield code="3">45762274</mxc:subfield>      <mxc:subfield code="t">Dance magazine (New-York.1942-1945)</mxc:subfield>      <mxc:subfield code="x">0270-2207</mxc:subfield>   </mxc:datafield>
</mxc:record>      </srw:recordData>
<srw:recordIdentifier>ark:/12148/cb457622626</srw:recordIdentifier>
<srw:recordPosition>18</srw:recordPosition>
<srw:extraRecordData>
<ixm:attr name="CreationDate">20190704</ixm:attr>
<ixm:attr name="LastModificationDate">20190704</ixm:attr>
<mn:score>1.9060099</mn:score>
</srw:extraRecordData>
</srw:record>