
<srw:record>
<srw:recordSchema>marcxchange</srw:recordSchema>
<srw:recordPacking>xml</srw:recordPacking>
<srw:recordData>
<mxc:record xmlns:mxc="info:lc/xmlns/marcxchange-v2" format="INTERMARC" id="ark:/12148/cb44313803q" type="Bibliographic">   <mxc:leader>00435n01s 22000271 145a </mxc:leader>   <mxc:controlfield tag="001">FRBNF443138030000002</mxc:controlfield>   <mxc:controlfield tag="003">http://catalogue.bnf.fr/ark:/12148/cb44313803q</mxc:controlfield>   <mxc:controlfield tag="008">150415c 1997                 deeng paxxb      </mxc:controlfield>   <mxc:controlfield tag="009">a                  </mxc:controlfield>   <mxc:datafield tag="051" ind1=" " ind2=" ">      <mxc:subfield code="a">txt</mxc:subfield>      <mxc:subfield code="b">n</mxc:subfield>   </mxc:datafield>   <mxc:datafield tag="222" ind1="1" ind2="0">      <mxc:subfield code="a">Neues Shake-Speare Journal</mxc:subfield>   </mxc:datafield>   <mxc:datafield tag="245" ind1="1" ind2=" ">      <mxc:subfield code="a">Neues Shake-Speare Journal</mxc:subfield>      <mxc:subfield code="d">Texte imprimé</mxc:subfield>   </mxc:datafield>   <mxc:datafield tag="255" ind1="2" ind2=" ">      <mxc:subfield code="a">Band 1 (1997)</mxc:subfield>   </mxc:datafield>   <mxc:datafield tag="260" ind1=" " ind2=" ">      <mxc:subfield code="a">Buchholz (Allemagne)</mxc:subfield>      <mxc:subfield code="c">Laugwitz Verl.</mxc:subfield>      <mxc:subfield code="d">1997-</mxc:subfield>   </mxc:datafield>   <mxc:datafield tag="280" ind1=" " ind2=" ">      <mxc:subfield code="a">n°</mxc:subfield>      <mxc:subfield code="d">cm</mxc:subfield>   </mxc:datafield>   <mxc:datafield tag="326" ind1="1" ind2=" ">      <mxc:subfield code="a">Annuel</mxc:subfield>   </mxc:datafield>   <mxc:datafield tag="768" ind1="1" ind2=" ">      <mxc:subfield code="3">44292149</mxc:subfield>      <mxc:subfield code="t">Such fruits out of Italy</mxc:subfield>      <mxc:subfield code="y">9783933077370</mxc:subfield>   </mxc:datafield>   <mxc:datafield tag="768" ind1="1" ind2=" ">      <mxc:subfield code="3">43811008</mxc:subfield>      <mxc:subfield code="t">Shakespeare's education</mxc:subfield>      <mxc:subfield code="y">9783933077301</mxc:subfield>   </mxc:datafield>
</mxc:record>      </srw:recordData>
<srw:recordIdentifier>ark:/12148/cb44313803q</srw:recordIdentifier>
<srw:recordPosition>21</srw:recordPosition>
<srw:extraRecordData>
<ixm:attr name="CreationDate">20150415</ixm:attr>
<ixm:attr name="LastModificationDate">20150415</ixm:attr>
<mn:score>1.9060099</mn:score>
</srw:extraRecordData>
</srw:record>