
<srw:record>
<srw:recordSchema>marcxchange</srw:recordSchema>
<srw:recordPacking>xml</srw:recordPacking>
<srw:recordData>
<mxc:record xmlns:mxc="info:lc/xmlns/marcxchange-v2" format="INTERMARC" id="ark:/12148/cb457506738" type="Bibliographic">   <mxc:leader>00391n01s 22000271 145a </mxc:leader>   <mxc:controlfield tag="001">FRBNF45750673000000X</mxc:controlfield>   <mxc:controlfield tag="003">http://catalogue.bnf.fr/ark:/12148/cb457506738</mxc:controlfield>   <mxc:controlfield tag="008">190618n                      frfre pmxxb      </mxc:controlfield>   <mxc:controlfield tag="009">a                  </mxc:controlfield>   <mxc:datafield tag="051" ind1=" " ind2=" ">      <mxc:subfield code="a">txt</mxc:subfield>      <mxc:subfield code="b">n</mxc:subfield>   </mxc:datafield>   <mxc:datafield tag="222" ind1="1" ind2="0">      <mxc:subfield code="a">Unir</mxc:subfield>      <mxc:subfield code="b">Paris</mxc:subfield>   </mxc:datafield>   <mxc:datafield tag="245" ind1="1" ind2=" ">      <mxc:subfield code="a">Unir</mxc:subfield>      <mxc:subfield code="d">Texte imprimé</mxc:subfield>      <mxc:subfield code="e">bulletin intérieur pour le retour du Parti communiste français aux principes marxistes-léninistes</mxc:subfield>   </mxc:datafield>   <mxc:datafield tag="260" ind1=" " ind2="1">      <mxc:subfield code="a">Paris</mxc:subfield>      <mxc:subfield code="b">27 rue du Faubourg-Montmartre, Paris 9e</mxc:subfield>      <mxc:subfield code="c">Georges Morel</mxc:subfield>      <mxc:subfield code="d">1961</mxc:subfield>   </mxc:datafield>   <mxc:datafield tag="280" ind1=" " ind2=" ">      <mxc:subfield code="a">n°</mxc:subfield>      <mxc:subfield code="d">21 cm</mxc:subfield>   </mxc:datafield>   <mxc:datafield tag="326" ind1="1" ind2=" ">      <mxc:subfield code="a">Mensuel</mxc:subfield>   </mxc:datafield>
</mxc:record>      </srw:recordData>
<srw:recordIdentifier>ark:/12148/cb457506738</srw:recordIdentifier>
<srw:recordPosition>23</srw:recordPosition>
<srw:extraRecordData>
<ixm:attr name="CreationDate">20190618</ixm:attr>
<ixm:attr name="LastModificationDate">20190618</ixm:attr>
<mn:score>1.9060099</mn:score>
</srw:extraRecordData>
</srw:record>