
<srw:record>
<srw:recordSchema>marcxchange</srw:recordSchema>
<srw:recordPacking>xml</srw:recordPacking>
<srw:recordData>
<mxc:record xmlns:mxc="info:lc/xmlns/marcxchange-v2" format="INTERMARC" id="ark:/12148/cb43710194r" type="Bibliographic">   <mxc:leader>00316n01s 22000271 145a </mxc:leader>   <mxc:controlfield tag="001">FRBNF437101940000004</mxc:controlfield>   <mxc:controlfield tag="003">http://catalogue.bnf.fr/ark:/12148/cb43710194r</mxc:controlfield>   <mxc:controlfield tag="008">131113n 19..                 frfre pmxxb      </mxc:controlfield>   <mxc:controlfield tag="009">ag                 </mxc:controlfield>   <mxc:datafield tag="051" ind1=" " ind2=" ">      <mxc:subfield code="a">txt</mxc:subfield>      <mxc:subfield code="b">n</mxc:subfield>   </mxc:datafield>   <mxc:datafield tag="222" ind1="1" ind2="0">      <mxc:subfield code="a">Regards du mois</mxc:subfield>   </mxc:datafield>   <mxc:datafield tag="245" ind1="1" ind2=" ">      <mxc:subfield code="a">Regards du mois</mxc:subfield>      <mxc:subfield code="d">Texte imprimé</mxc:subfield>   </mxc:datafield>   <mxc:datafield tag="260" ind1=" " ind2=" ">      <mxc:subfield code="a">Rodez</mxc:subfield>      <mxc:subfield code="c">Regards du mois</mxc:subfield>      <mxc:subfield code="d">[19..]-</mxc:subfield>   </mxc:datafield>   <mxc:datafield tag="280" ind1=" " ind2=" ">      <mxc:subfield code="a">n°</mxc:subfield>      <mxc:subfield code="d">30 cm</mxc:subfield>   </mxc:datafield>   <mxc:datafield tag="300" ind1=" " ind2=" ">      <mxc:subfield code="a">Fonds commun de bulletins paroissiaux</mxc:subfield>   </mxc:datafield>   <mxc:datafield tag="326" ind1="1" ind2=" ">      <mxc:subfield code="a">Mensuel</mxc:subfield>   </mxc:datafield>
</mxc:record>      </srw:recordData>
<srw:recordIdentifier>ark:/12148/cb43710194r</srw:recordIdentifier>
<srw:recordPosition>24</srw:recordPosition>
<srw:extraRecordData>
<ixm:attr name="CreationDate">20131113</ixm:attr>
<ixm:attr name="LastModificationDate">20131113</ixm:attr>
<mn:score>1.9060099</mn:score>
</srw:extraRecordData>
</srw:record>