
<srw:record>
<srw:recordSchema>marcxchange</srw:recordSchema>
<srw:recordPacking>xml</srw:recordPacking>
<srw:recordData>
<mxc:record xmlns:mxc="info:lc/xmlns/marcxchange-v2" format="INTERMARC" id="ark:/12148/cb413524044" type="Bibliographic">   <mxc:leader>00282n01s 22000271 145a </mxc:leader>   <mxc:controlfield tag="001">FRBNF413524040000002</mxc:controlfield>   <mxc:controlfield tag="003">http://catalogue.bnf.fr/ark:/12148/cb413524044</mxc:controlfield>   <mxc:controlfield tag="008">081009d 2003 2004            deger paxxb      </mxc:controlfield>   <mxc:controlfield tag="009">a                  </mxc:controlfield>   <mxc:datafield tag="051" ind1=" " ind2=" ">      <mxc:subfield code="a">txt</mxc:subfield>      <mxc:subfield code="b">n</mxc:subfield>   </mxc:datafield>   <mxc:datafield tag="222" ind1="1" ind2="0">      <mxc:subfield code="a">Benn-Jahrbuch</mxc:subfield>   </mxc:datafield>   <mxc:datafield tag="245" ind1="1" ind2=" ">      <mxc:subfield code="a">Benn-Jahrbuch</mxc:subfield>      <mxc:subfield code="d">Texte imprimé</mxc:subfield>   </mxc:datafield>   <mxc:datafield tag="255" ind1="2" ind2=" ">      <mxc:subfield code="a">1</mxc:subfield>      <mxc:subfield code="b">2</mxc:subfield>   </mxc:datafield>   <mxc:datafield tag="260" ind1=" " ind2=" ">      <mxc:subfield code="a">Stuttgart</mxc:subfield>      <mxc:subfield code="c">Klett-Cotta</mxc:subfield>      <mxc:subfield code="d">2003-2004</mxc:subfield>   </mxc:datafield>   <mxc:datafield tag="280" ind1=" " ind2=" ">      <mxc:subfield code="a">2 n°</mxc:subfield>      <mxc:subfield code="d">21 cm</mxc:subfield>   </mxc:datafield>   <mxc:datafield tag="326" ind1="1" ind2=" ">      <mxc:subfield code="a">Annuel</mxc:subfield>   </mxc:datafield>
</mxc:record>      </srw:recordData>
<srw:recordIdentifier>ark:/12148/cb413524044</srw:recordIdentifier>
<srw:recordPosition>26</srw:recordPosition>
<srw:extraRecordData>
<ixm:attr name="CreationDate">20081009</ixm:attr>
<ixm:attr name="LastModificationDate">20081009</ixm:attr>
<mn:score>1.9060099</mn:score>
</srw:extraRecordData>
</srw:record>