
<srw:record>
<srw:recordSchema>marcxchange</srw:recordSchema>
<srw:recordPacking>xml</srw:recordPacking>
<srw:recordData>
<mxc:record xmlns:mxc="info:lc/xmlns/marcxchange-v2" format="INTERMARC" id="ark:/12148/cb47151114v" type="Bibliographic">   <mxc:leader>00295n01s 22000271 145a </mxc:leader>   <mxc:controlfield tag="001">FRBNF471511140000003</mxc:controlfield>   <mxc:controlfield tag="003">http://catalogue.bnf.fr/ark:/12148/cb47151114v</mxc:controlfield>   <mxc:controlfield tag="008">221209c 20..                 frfre aaxxb      </mxc:controlfield>   <mxc:controlfield tag="009">az  g              </mxc:controlfield>   <mxc:datafield tag="051" ind1=" " ind2=" ">      <mxc:subfield code="a">txt</mxc:subfield>      <mxc:subfield code="b">n</mxc:subfield>   </mxc:datafield>   <mxc:datafield tag="222" ind1="1" ind2="0">      <mxc:subfield code="a">Bilan &amp; perspectives</mxc:subfield>      <mxc:subfield code="b">Havas</mxc:subfield>   </mxc:datafield>   <mxc:datafield tag="245" ind1="0" ind2=" ">      <mxc:subfield code="a">Bilan et perspectives</mxc:subfield>      <mxc:subfield code="d">Texte imprimé</mxc:subfield>      <mxc:subfield code="f">Havas group</mxc:subfield>   </mxc:datafield>   <mxc:datafield tag="260" ind1=" " ind2="1">      <mxc:subfield code="a">Puteaux</mxc:subfield>      <mxc:subfield code="c">Havas</mxc:subfield>      <mxc:subfield code="d">[20..]-</mxc:subfield>   </mxc:datafield>   <mxc:datafield tag="280" ind1=" " ind2=" ">      <mxc:subfield code="a">vol.</mxc:subfield>      <mxc:subfield code="d">21 cm</mxc:subfield>   </mxc:datafield>   <mxc:datafield tag="326" ind1="1" ind2=" ">      <mxc:subfield code="a">Annuel</mxc:subfield>   </mxc:datafield>
</mxc:record>      </srw:recordData>
<srw:recordIdentifier>ark:/12148/cb47151114v</srw:recordIdentifier>
<srw:recordPosition>27</srw:recordPosition>
<srw:extraRecordData>
<ixm:attr name="CreationDate">20221209</ixm:attr>
<ixm:attr name="LastModificationDate">20221209</ixm:attr>
<mn:score>1.9060099</mn:score>
</srw:extraRecordData>
</srw:record>