
<srw:record>
<srw:recordSchema>marcxchange</srw:recordSchema>
<srw:recordPacking>xml</srw:recordPacking>
<srw:recordData>
<mxc:record xmlns:mxc="info:lc/xmlns/marcxchange-v2" format="INTERMARC" id="ark:/12148/cb422635055" type="Bibliographic">   <mxc:leader>00360n01s 22000271 145a </mxc:leader>   <mxc:controlfield tag="001">FRBNF422635050000002</mxc:controlfield>   <mxc:controlfield tag="003">http://catalogue.bnf.fr/ark:/12148/cb422635055</mxc:controlfield>   <mxc:controlfield tag="008">100828d 1909                 frfre pmxxb      </mxc:controlfield>   <mxc:controlfield tag="009">a                  </mxc:controlfield>   <mxc:datafield tag="051" ind1=" " ind2=" ">      <mxc:subfield code="a">txt</mxc:subfield>      <mxc:subfield code="b">n</mxc:subfield>   </mxc:datafield>   <mxc:datafield tag="222" ind1="1" ind2="0">      <mxc:subfield code="a">Bulletin paroissial</mxc:subfield>      <mxc:subfield code="b">Arrou</mxc:subfield>   </mxc:datafield>   <mxc:datafield tag="245" ind1="1" ind2=" ">      <mxc:subfield code="a">Écho d'Arrou</mxc:subfield>      <mxc:subfield code="d">Texte imprimé</mxc:subfield>      <mxc:subfield code="e">bulletin paroissial</mxc:subfield>   </mxc:datafield>   <mxc:datafield tag="255" ind1="2" ind2=" ">      <mxc:subfield code="a">1re année, N° 1(Octobre 1909)</mxc:subfield>   </mxc:datafield>   <mxc:datafield tag="260" ind1=" " ind2=" ">      <mxc:subfield code="a">Orléans</mxc:subfield>      <mxc:subfield code="c">Imp. Jeanne d'Arc</mxc:subfield>      <mxc:subfield code="d">1909-</mxc:subfield>   </mxc:datafield>   <mxc:datafield tag="280" ind1=" " ind2=" ">      <mxc:subfield code="d">23 cm</mxc:subfield>   </mxc:datafield>   <mxc:datafield tag="326" ind1="1" ind2=" ">      <mxc:subfield code="a">Mensuel</mxc:subfield>   </mxc:datafield>
</mxc:record>      </srw:recordData>
<srw:recordIdentifier>ark:/12148/cb422635055</srw:recordIdentifier>
<srw:recordPosition>28</srw:recordPosition>
<srw:extraRecordData>
<ixm:attr name="CreationDate">20100828</ixm:attr>
<ixm:attr name="LastModificationDate">20100828</ixm:attr>
<mn:score>1.9060099</mn:score>
</srw:extraRecordData>
</srw:record>